3384 5250
373 482 407 528 r.
432 480 526 529 mvn
551 478 651 530 nisu.
677 459 1077 527 nru.xx111.onn.30.
1181 459 1269 526 9621

172 623 237 672 nov.
248 625 272 672 l.
283 626 308 676 6.
320 621 394 672 lieri.
405 630 434 675 et
443 623 551 674 Heemii
563 621 600 672 N.
615 627 643 673 ui
654 621 703 688 Eo·
741 621 820 672 Collo
838 625 864 671 et
880 619 920 670 Μ.
938 618 1036 670 Claudii
1050 616 1162 668 Humili
1177 621 1215 667 ier
1230 619 1269 667 ie·

170 697 237 748 diem
258 699 408 750 numurus
427 714 478 750 erse
496 699 609 762 iuberem
634 699 703 750 Flur.
738 701 852 747 domnii.
870 698 1027 746 cirenem.
1046 693 1269 745 Necslitervoss.

169 773 237 822 lor.
254 777 278 823 6.
295 779 321 824 4.
338 776 401 826 Ber.
418 775 485 824 Her.
502 783 529 824 et
547 774 654 824 Horruii
672 774 702 822 L.
739 775 788 823 uiri
799 775 868 838 quod
885 775 982 824 retinet
990 772 1021 823 ri
1029 778 1094 822 rusi.
1108 770 1135 823 J.
1147 772 1175 820 F.
1185 771 1268 822 (iron.

172 853 197 900 1.
229 851 280 900 Sed
294 865 380 901 verum
392 853 527 902 lectionem
539 866 571 900 ex
587 850 703 914 vestigiis
738 850 875 900 Puteuneu
886 851 1016 900 censentit
1026 850 1094 899 Flor.
1106 857 1134 897 et
1144 849 1269 898 Vnerieuu

171 925 235 975 Put.
247 927 392 976 Gronovius
405 926 553 977 vindicavit.
739 925 831 991 reliqui
844 928 895 978 mei
903 941 1043 990 omnesque
1054 924 1162 976 Heurnii
1171 924 1259 974 Onon.

205 1004 268 1066 416
285 1004 323 1052 M.
334 1003 432 1052 AEsus'lr'o
442 1003 540 1066 lepide
552 1002 592 1064 qui
602 1001 702 1050 disens·
771 1001 1019 1066 §terroresque
1043 1002 1139 1051 Fuluium
1158 1001 1268 1065 Fluctus]

170 1078 209 1124 ssd
218 1092 341 1142 augurque
347 1079 444 1142 semol]
459 1079 499 1128 Μ.
509 1077 639 1129 AEmillum
654 1077 701 1126 Le·
739 1077 846 1142 castigo
857 1079 989 1134 Proetorer.
1002 1079 1035 1135 Q.
1046 1078 1146 1128 Fuluius
1156 1078 1269 1139 Flaccus,

172 1155 262 1217 pidum
275 1167 303 1206 et
314 1158 351 1206 Μ.
362 1157 495 1209 Volusium
513 1156 645 1205 Larinum
663 1153 702 1207 bis
739 1153 888 1217 perepicuo.
921 1155 1042 1205 Ceterum
1062 1153 1268 1204 oououlhielue-

172 1233 290 1280 consules
300 1232 416 1282 nominet
427 1230 524 1295 livine,
536 1245 600 1296 quoe
615 1239 702 1280 umen
740 1235 781 1278 ret
798 1243 856 1278 cum
869 1231 899 1279 1..
909 1230 1032 1280 Cornelio
1043 1231 1164 1299 Lentulo,
1178 1229 1269 1279 cedron

171 1319 257 1370 neque
275 1307 299 1356 in
323 1308 478 1372 Capitolinis
497 1307 603 1368 tubulis,
618 1319 701 1371 neque
739 1319 796 1354 cum
808 1305 1097 1370 molestiarumque.
1114 1306 1198 1368 Sigon.
1225 1306 1268 1356 lte

171 1383 241 1445 eprrd
260 1383 439 1433 cassiodorum
459 1383 574 1433 inuenies
592 1382 642 1431 nisi
661 1395 702 1430 ee·
739 1390 766 1431 et
779 1383 846 1432 Flos.
878 1383 956 1446 depe
972 1397 1118 1445 prenomen
1134 1383 1166 1439 Q.
1181 1382 1207 1432 iu
1224 1398 1268 1433 co·

171 1460 224 1508 mel
242 1459 333 1509 fuisse.
367 1461 436 1510 ilinc
457 1473 505 1523 ego
523 1458 650 1521 suspicor,
668 1471 701 1506 ne
739 1459 881 1520 poletirem
897 1473 941 1523 qne
957 1458 1032 1509 obiit.
1064 1458 1132 1508 Vide
1148 1459 1268 1509 edum.

171 1533 275 1584 suffecti
291 1534 389 1584 suerint
403 1536 434 1586 L.
446 1535 555 1585 Veturio
566 1541 594 1582 et
606 1535 636 1582 0.
649 1533 701 1582 Lu·
738 1536 779 1583 tt.
790 1535 803 1598 §
816 1538 841 1582 7.

171 1611 238 1669 tutio
248 1611 395 1660 consulibuo
407 1609 522 1672 Lepidm
533 1621 566 1658 ιι.
582 1608 701 1658 osvinus
773 1610 822 1666 Qut
842 1616 913 1659 oulen
932 1612 1014 1661 euml
1033 1625 1158 1675 cetumque
1170 1610 1268 1674 suenni]

171 1686 292 1748 primum.
326 1685 699 1748 Quouismeutemeopersin
739 1683 775 1734 At
798 1686 853 1748 jum
876 1687 916 1735 bie
937 1694 999 1735 ente
1026 1686 1114 1736 consul
1136 1685 1223 1735 fueret
1245 1703 1267 1736 ιι.

171 1761 328 1824 Capitolinis
343 1762 516 1812 consuistibus
529 1762 701 1824 desideretur,
738 1775 820 1812 uxvr.
832 1772 860 1812 et
872 1772 974 1814 utrix.
982 1771 1011 1813 ut
1024 1765 1112 1814 ridere
1124 1773 1164 1812 est
1177 1765 1203 1813 in
1214 1764 1267 1814 fos·

171 1846 199 1887 et
216 1839 484 1888 Cmsindorueeornm
497 1845 702 1889 tentumcoruu·
739 1841 774 1887 tir
801 1840 981 1902 Capitolinis.·
1002 1839 1078 1889 Unde
1101 1848 1129 1889 et
1151 1853 1220 1890 xxv.
1242 1847 1266 1892 6.

171 1914 234 1976 lum,
246 1915 290 1978 qui
302 1915 411 1978 primum
423 1913 487 1963 fecti
498 1923 566 1976 suot,
577 1914 621 1978 qui
632 1914 700 1963 urdi-
739 1915 875 1963 ‘tertium'
886 1914 1156 1966 coniunctionum.
1188 1917 1267 1968 Lotet

171 1991 236 2038 narii
250 1990 423 2050 nominantur,
434 1990 560 2050 meminit,
570 1991 596 2040 in
609 2001 701 2040 neutro
738 2003 860 2039 numeru·
873 1991 898 2038 in
915 1993 991 2041 litere
1002 1991 1035 2048 A.
1045 1991 1169 2055 deditque
1180 1990 1268 2042 Livius

170 2063 262 2113 horum
283 2073 505 2116 monumentorum
523 2065 579 2114 liaec
599 2065 701 2114 nomine
737 2066 777 2129 qui
797 2065 853 2115 urile
870 2067 910 2116 ΙΙ.
934 2067 1015 2116 mersi
1035 2081 1158 2130 cessosque
1171 2067 1267 2126 suenni.

171 2141 290 2190 inueniri.
324 2142 375 2191 sed
395 2141 428 2189 de
445 2142 493 2192 lunc
510 2155 539 2191 re
555 2143 704 2192 accuratius·
739 2141 820 2190 Plane
832 2149 861 2190 ut
872 2145 905 2191 de
916 2143 964 2192 hue
981 2143 1150 2205 ipsehomine
1161 2157 1229 2194 xxv.
1241 2151 1267 2193 6.

171 2214 197 2262 iu
209 2216 341 2266 Fastorum
356 2217 528 2266 consularium
544 2227 700 2269 commente-
737 2215 791 2266 ‘Q
809 2217 917 2267 Fulvius
935 2218 1045 2267 Flaccus
1065 2219 1164 2275 conoul.
1177 2220 1221 2283 qni
1239 2227 1268 2270 et

172 2291 232 2341 riis:
250 2306 292 2340 me
308 2293 375 2342 euim
393 2305 488 2350 moret,
504 2293 571 2357 quud
589 2295 638 2342 duo
656 2309 700 2358 ps·
738 2301 800 2341 ente
810 2291 849 2341 bin
861 2294 951 2342 consul
964 2302 992 2341 et
1003 2292 1208 2344 censoriuerst!
1231 2296 1267 2344 Et

172 2369 239 2418 tricii
260 2371 378 2420 consules
400 2378 592 2435 compsruntus.
616 2371 700 2434 Sigon.
737 2367 771 2416 de
793 2368 883 2418 eudem
906 2381 1011 2419 nutu.
1027 2373 1070 2419 46.
1089 2369 1140 2421 ‘Q
1160 2369 1266 2420 Fulvius

170 2443 617 2510 Sigoniisenteutiemprobstetism
625 2448 700 2511 Pigis·
737 2443 782 2508 qui
793 2453 887 2509 quoter
903 2448 992 2495 conoul
1010 2454 1039 2496 et
1054 2459 1146 2495 censor
1159 2445 1266 2496 fueret!

170 2520 210 2569 ins
228 2521 253 2570 iu
273 2521 338 2571 ilun-
350 2521 382 2571 ud
396 2537 418 2571 ι.
427 2535 554 2572 nxxxttr.
567 2538 591 2584 p.
603 2527 661 2572 166.
676 2529 701 2574 el
737 2521 780 2570 Sic
792 2521 840 2571 hoe
852 2537 909 2584 esu.
922 2524 997 2585 poulo
1008 2533 1083 2572 nutet
1102 2523 1266 2572 ‘M.AEmiliu

169 2613 249 2659 amr
258 2605 297 2647 est
310 2598 336 2647 in
348 2597 435 2648 multis
446 2597 506 2647 edd.
520 2599 619 2663 nutiqq.
737 2597 844 2661 Lepide,
856 2598 899 2663 qui
913 2597 950 2648 his
961 2599 1051 2648 consul
1065 2611 1198 2664 teugrrrque¹
1210 2597 1267 2650 fue·

204 2675 372 2723 Gladiatores
384 2666 454 2739 portu
466 2676 512 2723 duo
523 2679 548 2722 el
558 2674 648 2735 uiginti
658 2690 702 2739 per
737 2674 797 2724 tet!
812 2688 837 2723 u.
849 2678 890 2724 21.
902 2676 910 2702 ‘
921 2676 959 2727 Μ.
972 2666 1067 2725 nuttios
1085 2676 1210 2739 Regulus,
1221 2678 1265 2741 qui

169 2752 277 2804 induem
287 2750 375 2812 insono
383 2750 510 2814 dederuut]
523 2752 639 2800 Crevier.
649 2765 700 2801 tus·
736 2750 775 2799 bis
785 2753 875 2801 conoul
888 2751 993 2802 lueret!
1009 2766 1032 2801 e.
1043 2755 1084 2801 64.
1095 2752 1140 2801 ‘'I'.
1153 2752 1264 2802 Msnliuu

169 2829 293 2879 uiiestum
310 2844 367 2879 esse
390 2837 466 2893 putot
483 2828 547 2878 dues
567 2844 642 2878 vocer
656 2844 701 2893 per
734 2826 891 2891 Torqustus,
902 2829 947 2891 qui
960 2828 998 2877 bis
1014 2828 1103 2877 consul
1119 2841 1265 2890 eeueorque

170 2906 279 2955 triduum
290 2906 417 2973 molehuq
432 2905 574 2954 inculcator
592 2918 649 2953 esse
666 2919 700 2955 ex
736 2900 842 2954 fueret.'
875 2903 965 2969 Atque
975 2903 1013 2953 its
1024 2916 1136 2968 semper.
1149 2903 1206 2952 Joe.
1216 2904 1265 2953 Pe·

169 2994 248 3031 versu
276 2980 444 3046 precedenti.
486 2981 520 3030 Et
550 2994 611 3029 rene
641 2980 700 3031 huic
735 2980 811 3031 mous.

170 3059 308 3107 sententiae
325 3055 415 3106 iurent
433 3058 491 3107 loce
510 3069 594 3107 xxxi.
612 3062 654 3107 66.
672 3066 700 3109 et
774 3055 807 3111 Q.
826 3055 924 3105 Mucio
944 3054 1063 3117 nemon]
1093 3056 1125 3112 Q.
1143 3055 1265 3106 Μἰιιιιιίιιι

170 3145 273 3185 xxxix.
284 3138 325 3185 46.
358 3134 406 3185 Eut
422 3141 518 3195 temen,
531 3149 578 3185 cur
588 3134 621 3185 de
633 3136 699 3185 reri·
737 3132 800 3182 Luv.
819 3133 942 3199 quinque,
962 3134 1037 3184 Hori.
1054 3141 1082 3183 et
1102 3133 1209 3184 Heernii
1228 3136 1265 3184 N.

168 3217 228 3261 tete
257 3211 443 3261 emendationis
465 3210 591 3261 dubitem.
632 3213 699 3262 Nom
737 3206 901 3270 inmergiue.
933 3210 1104 3259 mutinum
1114 3209 1222 3259 Gsertu.
1237 3218 1266 3260 et

170 3286 605 3349 vulgetumtuenturumnescodd.
626 3286 700 3337 Pru·
736 3282 804 3333 Her.
830 3284 910 3333 Male.
938 3285 1062 3349 Ejusdem
1074 3287 1169 3335 erroris
1179 3301 1265 3335 exem·

169 3368 254 3427 lens,
265 3376 315 3413 uon
334 3378 437 3427 semper
457 3378 503 3427 per
519 3364 628 3414 totidem
643 3364 699 3415 dies
736 3360 807 3423 plum
826 3360 962 3411 bubulum·
982 3362 1014 3411 nd
1031 3374 1056 3411 ο.
1068 3365 1109 3411 2⁴·
1125 3364 1176 3427 44.
1194 3362 1264 3412 eliud

169 3436 327 3501 glsdistures
347 3438 455 3489 exhibiti
474 3436 557 3494 luere.
573 3454 620 3503 per
638 3446 700 3505 quot
737 3436 839 3486 rideed
850 3440 949 3502 6644
962 3442 1001 3488 11.

168 3514 225 3563 ludi
241 3512 370 3564 funebres.
404 3513 477 3563 infre
495 3515 562 3564 enim
583 3527 642 3566 xm.
657 3520 699 3566 66.
775 3515 834 3577 416
850 3514 889 3563 Μ.
910 3514 1022 3564 Marcello
1041 3512 1174 3577 prooomii
1192 3512 1265 3575 issue·

168 3590 225 3639 lodi
236 3590 357 3641 funebres
370 3592 466 3639 ocenici
478 3605 524 3653 per
535 3594 698 3656 quatriduum
735 3588 798 3637 rium
808 3588 870 3653 erse]
889 3590 949 3639 l'ut.
960 3595 988 3638 et
998 3590 1059 3639 Pet.
1069 3590 1212 3652 prom.
1236 3587 1264 3639 J.

168 3666 276 3732 dentur,
306 3668 484 3730 spectaculum
518 3668 698 3732 gladiatorium
736 3665 765 3714 Ρ.
778 3665 858 3715 Gruu.
889 3664 933 3715 Ite
950 3674 978 3715 et
994 3666 1062 3715 Flos.
1077 3664 1153 3713 Vnst.
1164 3664 1227 3713 laur.
1238 3668 1265 3713 4.

157 3738 219 3808 ¹per
235 3743 359 3793 triduum.
392 3743 515 3794 Dedernet
531 3744 649 3810 quedem
665 3760 698 3796 ex
736 3748 760 3791 6.
774 3741 849 3791 Heri.
863 3752 891 3792 et
909 3742 1115 3793 Hesrnii01ou.
1149 3739 1263 3789 Videsd

168 3819 231 3869 edd.
246 3820 344 3884 sntiqq.
736 3830 780 3867 ιιι.
789 3821 815 3868 4.
828 3821 842 3883 4
856 3821 878 3867 t.
891 3832 934 3868 ιιι.
944 3823 985 3869 ll.
996 3820 1010 3882 4
1023 3820 1063 3866 16.
1075 3817 1140 3879 epit.
1153 3815 1210 3865 Lir.
1221 3816 1265 3864 lib.

202 3898 260 3959 416
278 3896 463 3961 edoctorum]
491 3896 521 3944 G.
539 3895 699 3947 Lotors'mei
736 3897 1051 3961 ronedum-tuque.
1077 3907 1105 3944 x.
1118 3898 1156 3943 16.
1173 3897 1223 3958 46.
1237 3910 1263 3945 e.

170 3970 209 4019 tt.
226 3969 385 4035 Sempronio,
399 3977 429 4019 ut
445 3984 517 4033 osepe
535 3970 598 4021 dixi.
614 3970 699 4033 &gum
734 3975 855 4038 26416.
866 3987 890 4021 e.
901 3974 1002 4036 61146.
1020 3971 1070 4020 huc
1089 3970 1136 4020 lib.
1152 3984 1176 4017 e.
1192 3972 1263 4034 664

169 4047 239 4096 Vide
253 4048 285 4096 ed
299 4060 330 4096 ιι.
341 4048 381 4095 67.
392 4048 439 4111 46.
473 4046 628 4098 Addeiiros
638 4050 698 4099 doc·
736 4052 776 4098 16.
787 4062 811 4097 c.
820 4052 862 4097 41.
874 4049 888 4111 4
899 4052 925 4095 6.
940 4059 1020 4096 xxiv.
1033 4049 1073 4095 tu.
1085 4046 1133 4109 44.
1150 4058 1231 4095 xxrr.
1241 4050 1264 4093 1.

169 4130 210 4173 tos
221 4124 253 4171 ed
265 4124 337 4173 Suet.
351 4123 420 4187 Aug.
432 4138 456 4173 c.
468 4130 493 4171 6.
735 4126 785 4190 46.
800 4138 824 4175 c.
836 4128 876 4173 us.
888 4124 901 4188 4
913 4127 937 4173 4.
955 4136 1048 4172 nvn.
1059 4126 1101 4171 61.
1119 4124 1169 4186 46.
1185 4136 1209 4171 c.
1223 4124 1264 4170 66.

202 4200 216 4262 4
229 4202 258 4247 17
275 4200 367 4248 Plebeii
378 4198 452 4248 ludin
464 4200 501 4249 M.
512 4198 612 4249 Aurelio
626 4202 699 4270 (lotio
735 4202 750 4265 4
761 4206 786 4251 4.
797 4216 819 4249 u.
830 4204 872 4250 66.
885 4201 933 4263 46.
949 4211 1076 4249 xrxrus.
1086 4200 1126 4245 67.
1135 4198 1149 4261 4
1159 4201 1183 4245 1.
1201 4196 1264 4245 Cor·

168 4281 193 4325 ei
205 4276 243 4323 M.
255 4276 355 4325 Cloudt'o
367 4277 493 4340 Marcello]
513 4277 576 4327 Put.
594 4288 619 4327 et
638 4279 699 4329 Pet.
737 4285 764 4327 te
775 4276 806 4325 nd
819 4274 889 4324 Pliu.
900 4276 950 4339 Ep.
961 4289 993 4324 ιι.
1005 4278 1045 4323 11.
1061 4275 1075 4337 4
1087 4278 1111 4322 2.
1128 4286 1167 4321 tv.
1179 4276 1204 4320 6.
1215 4274 1228 4334 4
1241 4276 1264 4321 l.

169 4352 425 4403 meliorl'lrleiilssdi
439 4353 699 4405 comemmorans·
736 4363 763 4403 et
776 4367 803 4402 ν.
814 4355 916 4417 6641.
948 4352 1034 4403 Quum
1056 4358 1143 4401 eutem
1166 4358 1263 4399 utrum·
