3384 5250
839 659 1025 724 reliqui
1049 659 1100 709 in
1132 659 1370 725 lapidibus
1404 661 1808 724 consentientes,
1842 658 1897 710 id

841 736 1012 784 verius
1034 750 1148 785 esse
1166 738 1429 786 evincunt.

907 814 990 877 §8
1024 812 1651 878 summutas-nqis]
1699 811 1761 861 Iu
1783 810 1898 860 Pal.

842 892 891 939 1.
913 903 1010 955 pro
1030 892 1100 940 ssl
1120 892 1457 943 substitutum
1478 900 1562 941 est
1579 892 1655 942 oei
1667 907 1688 950 ‚-
1711 903 1895 953 perpe-

838 981 968 1016 ram.
1004 967 1119 1018 Pal.
1138 972 1187 1018 ⁸.
1208 980 1378 1018 autem
1404 976 1621 1033 prestat
1639 969 1711 1017 ssi
1725 968 1800 1016 uel
1817 980 1897 1014 ra·

840 1040 965 1092 bere.
1005 1042 1143 1093 Puto
1165 1044 1438 1107 legendum
1460 1046 1531 1094 ssi
1548 1044 1715 1094 ruben
1732 1044 1805 1092 oei
1823 1058 1899 1091 so·

837 1118 928 1166 lito
946 1118 1118 1181 ansgis.
1154 1118 1325 1169 Gebh.
1391 1119 1494 1183 Vel,
1520 1133 1614 1183 pro
1632 1121 1721 1176 ssi,
1740 1117 1898 1167 etiam

839 1194 984 1243 Flor.
1010 1195 1136 1245 ιον.
1158 1199 1204 1244 1.
1225 1198 1275 1245 2.
1295 1201 1346 1246 4.
1378 1204 1435 1245 et
1464 1196 1614 1245 Voss.
1632 1196 1704 1244 ssi
1723 1195 1798 1244 cel
1819 1209 1900 1242 ra·

841 1269 968 1327 bere,
1001 1269 1195 1333 duplici
1220 1272 1440 1322 lectione
1465 1271 1670 1336 juncta,
1702 1272 1826 1321 Lov.
1847 1275 1898 1321 5.

838 1350 1004 1398 ochas
1022 1350 1205 1412 ubere,
1226 1355 1282 1400 et
1307 1364 1425 1400 mox
1445 1351 1617 1416 simile,
1651 1364 1748 1415 pro
1767 1349 1901 1399 simi·

838 1425 920 1482 lis,
944 1423 1101 1474 Hafu.
1123 1433 1180 1476 et
1203 1426 1340 1476 Hsv.

907 1503 936 1566 §
957 1506 991 1550 9
1023 1501 1170 1551 Diem
1188 1517 1331 1551 sauss
1350 1500 1772 1567 supplicatiosut’t]
1805 1501 1902 1552 me

839 1592 935 1628 ιιιιο
955 1576 1092 1627 Hsv.
1110 1576 1292 1627 eodem
1310 1592 1502 1635 errore,
1520 1592 1623 1642 quo
1642 1579 1670 1642 ς
1686 1582 1737 1627 7.
1760 1576 1902 1627 bidae

840 1669 938 1717 pro
971 1653 1163 1703 uam
1199 1654 1475 1705 dederant.
1540 1655 1663 1705 Dies
1691 1655 1904 1703 amiam

839 1731 1121 1795 supplicat-'o
1142 1731 1253 1791 finit
1288 1733 1413 1783 Lor.
1440 1736 1487 1782 1.
1535 1734 1639 1782 dies
1658 1746 1903 1781 mm

844 1807 972 1858 Lov.
1007 1811 1058 1857 2·
1093 1817 1148 1857 et
1170 1809 1321 1858 Voss.
1382 1808 1435 1861 J.
1457 1810 1637 1858 Wasse
1671 1807 1739 1857 ad
1776 1808 1904 1858 Sall.

841 1885 960 1935 Cat.
981 1900 1029 1935 c.
1050 1889 1133 1936 5⁶.
1155 1900 1206 1949 p.
1232 1890 1342 1935 177.
1366 1892 1589 1936 testatur
1608 1900 1665 1934 se
1696 1886 1751 1935 iu
1782 1885 1901 1936 cod.

843 1960 1093 2010 Cantabr.
1113 1962 1199 2025 qui
1220 1970 1303 2010 est
1325 1963 1377 2011 in
1393 1961 1614 2025 collegio
1629 1962 1901 2012 Trinitatis

842 2037 1104 2087 invenisse
1126 2037 1356 2101 supplicio
1380 2051 1474 2100 pro
1494 2037 1787 2101 supplicatio.
1834 2038 1902 2087 Se

842 2113 1021 2179 itaque
1044 2115 1244 2163 nescire
1267 2112 1396 2162 dicit
1418 2127 1481 2161 an
1504 2112 1733 2176 supplicis
1750 2127 1901 2176 repo·

842 2190 1068 2239 neudum
1103 2188 1188 2245 sit,
1221 2203 1376 2253 quum
1400 2187 1535 2236 idem
1553 2186 1669 2237 cod.
1692 2187 1808 2237 aliis
1830 2189 1903 2238 lo·

845 2266 942 2327 cis,
975 2266 1059 2316 ubi
1081 2268 1262 2316 eadem
1285 2268 1516 2316 occurrit
1539 2266 1755 2323 locutio,
1776 2267 1903 2316 nihil

845 2353 1074 2404 moveat,
1119 2353 1173 2393 at
1217 2344 1329 2406 ipse
1371 2350 1551 2392 auctor
1596 2356 1781 2394 xxvu.
1820 2348 1903 2393 5⁰.

843 2426 859 2446 ⁴
881 2419 1162 2481 Suppliciis
1204 2419 1439 2483 votisque
1475 2416 1695 2480 fatigare
1738 2419 1904 2469 Deos'

843 2492 1056 2545 dixerit.
1126 2496 1208 2544 Ex
1231 2496 1359 2544 meis
1378 2496 1608 2559 supplicio
1645 2509 1748 2544 uon
1789 2504 1904 2545 tau·

845 2576 955 2618 tum
999 2578 1111 2619 erat
1152 2571 1204 2618 in
1244 2571 1396 2629 Voss.
1434 2585 1610 2621 verum
1649 2571 1809 2621 etiam
1849 2572 1902 2621 iu

841 2647 982 2696 Flor.
996 2661 1027 2696 a
1049 2662 1116 2694 m.
1141 2662 1220 2711 pr.
1247 2649 1298 2695 in
1314 2662 1418 2713 quo
1431 2647 1711 2712 supplicatio
1729 2663 1902 2698 emen·

844 2723 990 2772 davit
1014 2738 1191 2771 manus
1209 2725 1388 2774 altera.

910 2800 1032 2862 §11
1075 2799 1141 2846 Et
1161 2799 1354 2848 nisi-e
1376 2798 1541 2856 oliuu,
1560 2815 1651 2863 quo
1671 2804 1774 2849 tum
1792 2801 1902 2850 diu·

845 2882 985 2925 turno
1037 2890 1274 2925 senescere
1328 2876 1596 2937 tideo-tur,
1646 2875 1903 2940 patientis]

843 2951 966 3002 Psi:
984 2959 1034 3003 2.
1053 2957 1100 3001 et
1124 2952 1308 3000 minimi
1327 2953 1435 3009 otii,
1464 2968 1555 3016 qus
1577 2959 1679 3002 tuas
1698 2954 1905 3004 diutino.

846 3028 1034 3078 Paullo
1069 3036 1193 3076 ante
1237 3028 1350 3076 Pal.
1385 3031 1433 3077 ⁸.
1470 3028 1685 3078 Phiala.
1731 3028 1905 3082 Gebh.

847 3102 1042 3154 Omnes
1065 3103 1178 3152 libri
1201 3103 1386 3153 dindina
1408 3114 1597 3168 praeter
1618 3105 1904 3156 Gruterum

847 3194 1069 3245 eumque
1090 3187 1296 3229 secutas
1317 3181 1438 3230 edd.
1465 3180 1604 3246 quod
1640 3183 1815 3232 miror.
1848 3183 1906 3232 J.

850 3255 910 3307 F.
953 3258 1167 3306 Gronov.
1255 3255 1452 3305 Omnes
1489 3257 1649 3306 etiam
1688 3258 1812 3321 mei,
1848 3264 1907 3308 et

847 3331 1064 3381 Hearuii
1083 3332 1256 3381 Oxou.
1273 3332 1477 3395 diutino,
1494 3332 1590 3381 uisi
1614 3333 1752 3398 quod
1777 3349 1908 3384 uuus

845 3409 1050 3471 diutine,
1086 3409 1222 3457 alter
1253 3408 1509 3457 distinam
1563 3423 1642 3458 vt.
1676 3413 1759 3461 ⁸⁸.
1791 3412 1908 3461 ‘Ex

847 3484 1047 3534 diutina
1070 3498 1199 3548 pace
1221 3498 1354 3533 nova
1379 3483 1650 3535 defectio.'
1704 3500 1837 3536 xxv.
1860 3491 1907 3537 1.

845 3562 862 3590 ‘
883 3561 1106 3611 Incultis
1149 3561 1347 3610 diutino
1402 3561 1543 3609 bello
1595 3560 1907 3628 infestisque

846 3638 1024 3701 agris!
1072 3651 1281 3689 xxvm.
1301 3642 1386 3690 24.
1422 3639 1684 3688 'Licentia
1708 3653 1775 3688 ex
1798 3641 1910 3688 diu-

849 3717 981 3777 tino,
1004 3722 1063 3765 ut
1085 3714 1162 3777 fit,
1194 3715 1301 3764 otio
1337 3715 1612 3766 conlectass
1676 3714 1816 3766 vid‘e
1842 3717 1906 3767 ad

849 3806 966 3841 eum
989 3788 1174 3839 locum.

912 3869 940 3930 ς
968 3870 1030 3915 12
1053 3867 1116 3914 Ῑιι
1135 3865 1261 3915 uiris
1282 3862 1566 3927 Libertatis]
1600 3865 1682 3915 De
1706 3866 1804 3917 hoc
1826 3876 1910 3919 est

847 3944 993 3993 locus
1034 3942 1208 3994 Ovidii
1244 3941 1398 3991 Trist.
1435 3954 1520 3990 ιιι.
1547 3945 1593 3991 1.
1616 3946 1701 3992 71.
1729 3943 1780 3992 in
1804 3959 1908 4008 quo

848 4016 1154 4083 explicando
1171 4018 1525 4068 casaubonum
1540 4020 1733 4081 arguit,
1749 4022 1906 4072 etiam

844 4096 958 4144 aliis
978 4093 1332 4159 probantibus.
1352 4094 1552 4157 Lipsius
1569 4092 1636 4143 de
1655 4095 1908 4146 Biblioih.

850 4187 898 4222 c·
920 4177 970 4220 ⁶.
1037 4170 1162 4227 Sed,
1185 4179 1241 4218 nt
1263 4184 1438 4219 omnes
1458 4171 1688 4221 homines
1713 4188 1907 4236 sumus,

846 4247 961 4310 ipse
982 4246 1166 4295 eodem
1191 4246 1307 4294 loco
1329 4245 1530 4307 scribit,
1566 4261 1681 4311 que
1717 4247 1906 4298 fortas·

847 4323 919 4371 sis
943 4321 1343 4385 reprehensione
1372 4335 1476 4371 non
1512 4333 1712 4386 carent,
1748 4340 1904 4389 quum

848 4398 1187 4448 Plutarchum
1209 4407 1264 4446 et
1286 4397 1410 4446 alios
1432 4406 1673 4450 auctores
1692 4414 1807 4451 esse
1827 4402 1905 4452 di·

1531 513 1756 566 1⁵10?AE
1800 513 2204 566 VAmonuM
2258 512 2340 565 ΙΝ

1972 658 2065 721 cit,
2089 657 2294 708 Atrium
2319 655 2598 707 Libertatis
2620 671 2652 705 a
2666 655 2749 706 ⁹15.
2766 655 3029 713 Graccho,

1972 742 2123 801 patre
2143 734 2521 796 Gracchorum,
2549 741 2827 785 structum.
2888 734 3027 783 Nam

1971 812 2014 861 si
2035 812 2149 877 jam
2190 826 2238 863 ι.
2262 825 2434 862 mxu.
2457 809 2556 861 fuit
2580 812 2769 861 atrium
2792 810 3030 860 Liberta-

1974 889 2061 951 tis,
2093 888 2229 954 quod
2253 888 2338 939 hic
2359 894 2582 939 testatur
2604 888 2799 944 Livius,
2815 901 2918 936 non
2940 900 3029 950 po·

1971 965 2077 1014 tuit
2115 965 2167 1014 id
2213 979 2244 1014 a
2288 971 2442 1029 patre
2484 963 2840 1015 Gracchorum
2884 962 3029 1017 strui,

1973 1055 2127 1106 quem
2146 1056 2195 1091 a.
2220 1054 2425 1092 murt.
2444 1039 2676 1106 adeoque
2699 1041 2823 1091 totis
2848 1039 3031 1104 viginti

1973 1116 2200 1181 quinque
2234 1116 2382 1165 annis
2405 1124 2523 1180 post
2543 1116 2641 1166 hoc
2672 1123 2901 1178 tempus,
2941 1114 3032 1163 tri·

1972 1192 2167 1242 bunum
2199 1192 2366 1256 plebis
2406 1191 2568 1242 fnisse
2602 1200 2805 1243 certum
2845 1198 2930 1241 est
2965 1205 3029 1239 ex

1973 1271 2122 1321 Livio
2154 1283 2401 1323 xxxvm.
2420 1277 2503 1323 52.
2566 1272 2740 1323 Etiam
2763 1271 2947 1322 dnhlto
2967 1283 3030 1320 au

1971 1346 2180 1399 fallatur
2202 1348 2429 1419 Lipsius,
2468 1348 2810 1399 Plutarchum
2832 1355 2890 1398 et
2908 1347 3031 1397 alios

1972 1426 2247 1477 sententie
2271 1440 2381 1475 sue
2413 1435 2652 1475 auctores
2689 1422 2942 1484 laudaus;
2972 1438 3032 1473 eo

1973 1503 2111 1568 quod
2134 1517 2286 1553 uerno
2310 1501 2678 1563 recentiorum,
2700 1501 2788 1564 qui
2811 1499 2880 1549 de
2904 1499 3030 1549 strio

1976 1578 2261 1628 Libertatis
2300 1584 2539 1642 egerunt,
2591 1576 2936 1627 Plutarchum
2977 1584 3032 1625 et

1973 1657 2102 1706 alios
2120 1655 2273 1719 hujus
2291 1656 2366 1704 rei
2386 1662 2551 1705 testes
2564 1654 2747 1703 citent.
2779 1652 2838 1701 Si
2865 1659 3031 1701 tamea

1973 1746 2152 1781 verum
2170 1738 2267 1789 est,
2285 1730 2423 1795 quod
2443 1730 2592 1792 dicit,
2614 1729 2742 1778 nihil
2763 1735 3035 1792 peccasset

1974 1809 2103 1857 locis
2138 1808 2360 1863 illorum,
2391 1821 2506 1872 qua
2526 1820 2630 1856 uon
2654 1805 2893 1855 omnibus
2915 1812 3034 1852 nota

1974 1899 2090 1934 esse
2136 1898 2203 1933 ex
2247 1884 2457 1934 silentio
2498 1883 2710 1933 aliorum
2761 1880 3034 1931 doctorum

1974 1962 2145 2027 palam
2168 1968 2269 2021 est,
2300 1961 2355 2012 iu
2375 1959 2599 2011 medium
2618 1958 2963 2026 proferendis,
2981 1965 3036 2006 et

1975 2054 2094 2090 cum
2110 2038 2211 2089 hoc
2233 2038 2450 2088 Liviano
2467 2038 2523 2087 in
2546 2036 2880 2087 concordiam
2903 2034 3034 2085 redi-

1975 2114 2179 2179 gendis.
2228 2114 2412 2163 AEdem
2436 2113 2725 2163 Libertatis
2739 2127 2771 2161 s
2787 2118 2939 2177 patre
2954 2111 3033 2161 Τί.

1975 2187 2221 2253 Gracchi,
2254 2190 2341 2254 qui
2366 2204 2449 2240 au.
2470 2202 2784 2240 mxxxvm.
2805 2194 2864 2236 et
2888 2200 3034 2237 ιπι..

1973 2266 2173 2324 consul,
2207 2272 2284 2328 et,
2323 2281 2390 2316 ex
2424 2265 2728 2331 conjecturs
2764 2263 2938 2328 Pighii
2970 2264 3036 2312 ad

1976 2357 2025 2392 a.
2055 2355 2229 2392 saux.
2263 2351 2324 2392 et
2358 2355 2526 2394 tout.
2564 2341 2734 2405 patris
2771 2340 3035 2391 Graccho-

1975 2432 2087 2468 rum
2110 2427 2326 2482 patruus
2347 2418 2465 2480 fuit,
2486 2416 2808 2466 inAveutino
2828 2415 3036 2473 factam,

1976 2503 2159 2547 auctor
2196 2503 2280 2547 est
2315 2496 2493 2546 Livius
2525 2508 2684 2545 xxxv.
2720 2497 2803 2543 lo.
2871 2494 2954 2557 Ei,
2992 2495 3035 2542 si

1975 2586 2076 2622 uon
2099 2572 2281 2624 eodem
2305 2579 2563 2636 tempore,
2582 2577 2731 2621 certe
2753 2584 2859 2618 nou
2880 2571 3037 2618 multo

1978 2654 2116 2712 post,
2149 2648 2337 2698 atrium
2360 2647 2589 2698 additum
2626 2646 2806 2711 fuisse,
2835 2661 2905 2697 ex
2942 2648 3036 2696 hoc

1974 2725 2091 2774 loco
2113 2725 2245 2774 Livii
2270 2725 2450 2788 liquet.
2484 2724 2619 2774 Das.

2038 2802 2067 2864 ς
2092 2803 2153 2849 14
2181 2799 2450 2863 Emissiquc
2463 2799 3038 2887 quinquen-ufartru-

1974 2874 2163 2939 meisa]
2217 2874 2413 2939 Scripti
2452 2875 2676 2938 ssisss'qsoe
2707 2876 2793 2939 qai
2823 2891 2947 2939 seq„
2979 2877 3036 2925 ab

1978 2948 2122 2999 Tarr.
2142 2951 2493 3013 compertam
2529 2965 2687 3001 omues
2719 2956 3039 3001 retraxerant.

1977 3024 2163 3091 Itaque
2198 3025 2638 3090 distinguendum.
2685 3027 3039 3078 J.1·'.Gm.

1977 3102 2063 3152 Its
2085 3116 2188 3152 uon
2223 3109 2421 3152 tantum
2457 3103 2688 3168 plerique
2724 3103 2882 3155 codd.
2921 3105 3039 3166 mei,

1977 3186 2034 3227 et
2055 3177 2273 3228 Hearnil
2298 3178 2473 3228 Oxou.
2506 3191 2682 3227 verum
2716 3178 2880 3228 etiam
2916 3179 3037 3229 edd.

1978 3255 2257 3319 principes.
2321 3254 2530 3304 Primus
2569 3254 2796 3304 Froben.
2817 3270 2869 3304 s.
2894 3259 3040 3306 1⁵81.

1979 3331 2089 3381 sine
2105 3331 2263 3381 dubio
2276 3344 2549 3395 operarum
2569 3329 2924 3388 aberratione,
2937 3334 3041 3382 vul·

1981 3406 2127 3472 gavit
2164 3408 2459 3473 ressissiqae,
2511 3407 2651 3472 quod
2697 3409 3043 3474 quadriennio

1979 3494 2102 3550 post
2136 3485 2189 3534 in
2221 3486 2472 3548 essissiqtoe
2493 3485 2730 3541 mutavit,
2752 3495 2810 3535 et
2832 3487 3043 3552 reliquis

1982 3562 2272 3612 editoribus
2296 3576 2472 3611 verum
2492 3576 2606 3611 esse
2629 3564 2911 3626 persuasit.

2047 3639 2297 3689 Deduc-ti
2278 3655 2330 3689 ιιι
2350 3639 2556 3699 comens,
2587 3640 2858 3705 virgisque]
2903 3641 3044 3729 Lego

1982 3721 2038 3764 et
2062 3715 2323 3779 distinguo
2343 3716 2549 3778 deducti,
2569 3715 2819 3780 virgisque
2834 3718 2887 3765 in
2906 3717 3047 3766 comi·

1904 3811 1912 3819 -
1981 3791 2069 3847 tio,
2088 3791 2372 3856 approbate
2388 3793 2575 3855 pop-io,
2596 3794 2724 3842 coess'.
2757 3794 2822 3842 Τ.
2857 3794 3045 3843 Faber.

1984 3867 2129 3930 Lego
2149 3868 2351 3922 redacti,
2376 3868 2432 3916 ia
2463 3868 2655 3916 consitis
2685 3868 2846 3930 uirgis
2879 3884 3046 3932 «ppro-

1981 3943 2124 3993 boeute
2157 3945 2327 4006 populo
2348 3944 2480 4001 cesi,
2510 3945 2568 3993 de
2587 3958 2706 3992 saxo
2725 3944 3045 4005 adiciunt.-

1982 4033 2085 4067 nou
2124 4020 2333 4081 deducti,
2360 4020 2619 4082 uirgisque.
2650 4019 2704 4070 J·
2728 4021 2790 4071 F.
2813 4020 3044 4071 Gronov.

1981 4093 2211 4144 Crevier.
2252 4094 2440 4157 partim
2478 4108 2546 4143 ex
2581 4094 2820 4145 Gronov.
2853 4098 3037 4161 partim

1979 4185 2045 4220 ea
2070 4170 2227 4220 Fabri
2250 4171 2552 4235 conjectura
2573 4172 2702 4235 legit
2720 4174 2926 4234 reducti,
2941 4175 3037 4221 cir-

1974 4246 2146 4310 sisqse
2180 4247 2235 4296 s'n
2272 4247 2481 4303 consitis,
2528 4250 2700 4310 populo
2737 4249 3035 4313 «pynon-te,

1975 4326 2105 4374 coesi.
2182 4324 2297 4388 Ego
2332 4322 2582 4374 Gronovii
2626 4327 3030 4375 emendationem

1979 4398 2218 4466 praefero.
2285 4398 2489 4450 Passim
2527 4401 2735 4451 verba‘
2758 4403 3029 4454 red-cere·
